%% This BibTeX bibliography file was created using BibDesk.
%% http://bibdesk.sourceforge.net/


%% Created for Lauro Cesar Araujo at 2015-04-27 19:43:45 -0300 


%% Saved with string encoding Unicode (UTF-8) 

@manual{guiaTCC,
  author       = {Aline Terra Silveira, Suzanne Hallmann de Mello},
  title        = {GUIA BÁSICO PARA A ELABORAÇÃO DE TRABALHOS ACADÊMICOS},
  year = 2018,
  url = {https://ifrs.edu.br/rolante/wp-content/uploads/sites/14/2018/07/Guia-TA-2018-com-capa.pdf},
  Urlaccessdate = {8 ago 2024},
}

@manual{abntex2classe,
	Author = {Lauro C{\'e}sar Araujo},
	Organization = {Equipe abnTeX2},
	Title = {A classe abntex2: Modelo can{\^o}nico de trabalhos acad{\^e}micos brasileiros compat{\'\i}vel com as normas ABNT NBR 14724:2011, ABNT NBR 6024:2012 e outras},
	Url = {http://www.abntex.net.br/},
  	Urlaccessdate = {8 ago 2024},
	Year = {2015},
	Bdsk-Url-1 = {http://www.abntex.net.br/}
}

@manual{NBR10520:2002,
	Address = {Rio de Janeiro},
	Month = {ago.},
	Org-Short = {ABNT},
	Organization = {Associa{\c c}\~ao Brasileira de Normas T\'ecnicas},
	Pages = 7,
	Subtitle = {Informa{\c c}\~ao e documenta{\c c}\~ao --- Apresenta{\c c}\~ao de cita{\c c}\~oes em documentos},
	Title = {{NBR} 10520},
	Year = 2002
}
